%% This BibTeX bibliography file was created using BibDesk.
%% http://bibdesk.sourceforge.net/


%% Created for Lauro Cesar Araujo at 2013-04-05 08:03:49 -0300 


%% Saved with string encoding Unicode (UTF-8) 

@book{crockford2008javascript,
  title={JavaScript: The Good Parts: The Good Parts},
  author={Crockford, Douglas},
  year={2008},
  publisher={" O'Reilly Media, Inc."}
}