@book{winterle2000vetores,
  title={Vetores e geometria analítica},
  author={Winterle, P.},
  isbn={9788534611091},
  year={2000},
  publisher={Pearson Makron Books}
}

@book{boulos1997,
  title={Introdução à geometria analítica no espaço},
  author={Boulos, P.},
  isbn={8534606994},
  year={1997},
  publisher={Makron Books}
}
